<record><leader>00000cas a22000007a 4500</leader><controlfield tag="001">9840061</controlfield><controlfield tag="008">830824d18871894ksuwr ne      0    0eng d</controlfield><controlfield tag="009">3789</controlfield><datafield ind1=" " ind2=" " tag="010"><subfield code="a">sn 83040490 </subfield></datafield><datafield ind1=" " ind2=" " tag="040"><subfield code="a">KSH</subfield><subfield code="b">eng</subfield><subfield code="c">KSH</subfield><subfield code="d">NPT</subfield></datafield><datafield ind1="1" ind2=" " tag="029"><subfield code="a">AU@</subfield><subfield code="b">000025798045</subfield></datafield><datafield ind1=" " ind2=" " tag="042"><subfield code="a">msc</subfield></datafield><datafield ind1=" " ind2=" " tag="043"><subfield code="a">n-us-ks</subfield></datafield><datafield ind1="0" ind2=" " tag="130"><subfield code="a">Leon indicator (Leon, Kan. : 1887)</subfield></datafield><datafield ind1="0" ind2="0" tag="245"><subfield code="a">Leon indicator.</subfield></datafield><datafield ind1=" " ind2=" " tag="260"><subfield code="a">Leon, Kan. :</subfield><subfield code="b">S.G. Pottle,</subfield><subfield code="c">1887-1894.</subfield></datafield><datafield ind1=" " ind2=" " tag="300"><subfield code="a">9 v. ;</subfield><subfield code="c">64 cm.</subfield></datafield><datafield ind1=" " ind2=" " tag="310"><subfield code="a">Weekly</subfield></datafield><datafield ind1="0" ind2=" " tag="362"><subfield code="a">Vol. 8, no. 18 (Sept. 15, 1887)-v. 15, no. 5 (May 17, 1894).</subfield></datafield><datafield ind1=" " ind2=" " tag="500"><subfield code="a">Published on Thursday.</subfield></datafield><datafield ind1=" " ind2=" " tag="515"><subfield code="a">Continues numbering of: Leon indicator (Leon, Kan. : 1880).</subfield></datafield><datafield ind1=" " ind2=" " tag="500"><subfield code="a">Editor: S.G. Pottle.</subfield></datafield><datafield ind1="1" ind2=" " tag="700"><subfield code="a">Pottle, S. G.</subfield><subfield code="q">(Strother Gaines)</subfield></datafield><datafield ind1=" " ind2=" " tag="752"><subfield code="a">United States</subfield><subfield code="b">Kansas</subfield><subfield code="c">Butler</subfield><subfield code="d">Leon.</subfield></datafield><datafield ind1="0" ind2="0" tag="780"><subfield code="t">Leon quill</subfield><subfield code="w">(DLC)sn 83040488</subfield></datafield><datafield ind1="0" ind2="0" tag="785"><subfield code="t">Leon press</subfield><subfield code="w">(DLC)sn 83040489</subfield></datafield></record>